obegiedings{lytinen1986dynamically,
  title={Dynamically Combining Syntax and Semantics in Natural Language Processing.},
  author={Lytinen, Steven L},
  booktitle={AAAI},
  volume={86},
  pages={574--587},
  year={1986}
}

cle{pustejovsky1993lexical,
  title={Lexical knowledge representation and natural language processing},
  author={Pustejovsky, James and Boguraev, Branimir},
  journal={Artificial Intelligence},
  volume={63},
  number={1-2},
  pages={193--223},
  year={1993},
  publisher={Elsevier}
}

cle{chowdhury2003natural,
  title={Natural language processing},
  author={Chowdhury, Gobinda G},
  journal={Annual review of information science and technology},
  volume={37},
  number={1},
  pages={51--89},
  year={2003},
  publisher={Wiley Online Library}
}

cle{resnik1999semantic,
  title={Semantic similarity in a taxonomy: An information-based measure and its application to problems of ambiguity in natural language},
  author={Resnik, Philip},
  journal={Journal of artificial intelligence research},
  volume={11},
  pages={95--130},
  year={1999}
}

cle{smeaton1992progress,
  title={Progress in the application of natural language processing to information retrieval tasks},
  author={Smeaton, Alan F},
  journal={The computer journal},
  volume={35},
  number={3},
  pages={268--278},
  year={1992},
  publisher={The British Computer Society}
}

